@comment{x-kbibtex-personnameformatting=<%l><, %f>}

@article{Lee:2007:YCC:1323688.1323690,
	acmid = "1323690",
	address = "New York, NY, USA",
	author = "Lee, Dongwon and Kang, Jaewoo and Mitra, Prasenjit and Giles, C. Lee and On, Byung-Won",
	doi = "10.1145/1323688.1323690",
	issn = "0001-0782",
	issue_date = "December 2007",
	journal = "Commun. ACM",
	month = dec,
	number = "12",
	numpages = "6",
	pages = "33--38",
	publisher = "ACM",
	title = "{Are Your Citations Clean?}",
	url = "http://doi.acm.org/10.1145/1323688.1323690",
	volume = "50",
	year = "2007"
}

@article{bizer2009linked,
	author = "Bizer, Christian and Heath, Tom and Berners-Lee, Tim",
	interhash = "599c4dfb0c1625c0c4368a1ab8346646",
	intrahash = "03e6441f20920f0955d270508e0aad6d",
	journal = "International Journal on Semantic Web and Information Systems",
	number = 3,
	pages = "1--22",
	title = "{Linked Data -- The Story So Far}",
	volume = 5,
	x-fetchedfrom = "Bibsonomy",
	year = 2009
}

@article{doi:10.1300/J115v22n04_01,
	author = "MLS, Caryn L. Scoville and MLS, E. Diane Johnson and MLS, Amanda L. McConnell",
	doi = "10.1300/J115v22n04_01",
	eprint = "http://dx.doi.org/10.1300/J115v22n04\_01",
	journal = "Medical Reference Services Quarterly",
	note = "PMID: 14711044",
	number = "4",
	pages = "1--11",
	title = "{When A. Rose Is Not A. Rose}",
	url = "http://dx.doi.org/10.1300/J115v22n04_01",
	volume = "22",
	year = "2003"
}

@inproceedings{Dervos2007TheUA,
  title={The Universal Author Identifier System (UAI\_Sys)},
  author={Dimitris A. Dervos and Nikolaos Samaras and Georgios Evangelidis and Jaakko P. Hyv{\"a}rinen and Ypatios Asmanidis},
  year={2007}
}

@article{Haak2012ORCIDAS,
  title={ORCID: a system to uniquely identify researchers},
  author={Laurel L. Haak and Martin Fenner and Laura Dorival Paglione and Ed Pentz and Howard Ratner},
  journal={Learned Publishing},
  year={2012},
  volume={25},
  pages={259-264}
}

@article{journals/sigmod/FerreiraGL12,
  added-at = {2014-10-09T01:18:14.000+0200},
  author = {Ferreira, Anderson A. and Gonçalves, Marcos André and Laender, Alberto H. F.},
  biburl = {https://www.bibsonomy.org/bibtex/2767c604b3cb2fcde858b104496fef867/subhashpujari},
  ee = {http://doi.acm.org/10.1145/2350036.2350040},
  interhash = {0b354ae0dc4881de99f1319e67be7db3},
  intrahash = {767c604b3cb2fcde858b104496fef867},
  journal = {SIGMOD Record},
  keywords = {author disambiguation master_thesis},
  number = 2,
  pages = {15-26},
  timestamp = {2014-10-09T01:18:47.000+0200},
  title = {A brief survey of automatic methods for author name disambiguation.},
  url = {http://dblp.uni-trier.de/db/journals/sigmod/sigmod41.html#FerreiraGL12},
  volume = 41,
  year = 2012
}


